<record><leader>00000cas a2200000 a 4500</leader><controlfield tag="001">10471808</controlfield><controlfield tag="008">840229d19051915ksuwr ne      0   a0eng d</controlfield><datafield ind1=" " ind2=" " tag="010"><subfield code="a">sn 84029037 </subfield></datafield><datafield ind1=" " ind2=" " tag="040"><subfield code="a">KSH</subfield><subfield code="b">eng</subfield><subfield code="c">KSH</subfield><subfield code="d">NPT</subfield><subfield code="d">OCL</subfield><subfield code="d">OCLCQ</subfield></datafield><datafield ind1=" " ind2=" " tag="042"><subfield code="a">msc</subfield></datafield><datafield ind1=" " ind2=" " tag="043"><subfield code="a">n-us-ks</subfield></datafield><datafield ind1="0" ind2="0" tag="245"><subfield code="a">Dexter dispatch.</subfield></datafield><datafield ind1=" " ind2=" " tag="260"><subfield code="a">Dexter, Kan. :</subfield><subfield code="b">W.L. Baldridge,</subfield><subfield code="c">1905-1915.</subfield></datafield><datafield ind1=" " ind2=" " tag="300"><subfield code="a">11 v.</subfield></datafield><datafield ind1=" " ind2=" " tag="310"><subfield code="a">Weekly</subfield></datafield><datafield ind1="0" ind2=" " tag="362"><subfield code="a">Vol. 1, no. 1 (Apr. 6, 1905)-v. 11, no. 9 (May 27, 1915).</subfield></datafield><datafield ind1=" " ind2=" " tag="500"><subfield code="a">Published by the Dispatch Printing Co., Nov. 20, 1913-May 27, 1915.</subfield></datafield><datafield ind1=" " ind2=" " tag="500"><subfield code="a">"Republican."</subfield></datafield><datafield ind1=" " ind2=" " tag="752"><subfield code="a">United States</subfield><subfield code="b">Kansas</subfield><subfield code="c">Cowley</subfield><subfield code="d">Dexter.</subfield></datafield><datafield ind1="0" ind2="5" tag="780"><subfield code="t">Dexter advocate</subfield><subfield code="g">Nov. 1907</subfield><subfield code="w">(DLC)sn 84029036</subfield></datafield><datafield ind1="0" ind2="7" tag="785"><subfield code="t">Dexter news</subfield><subfield code="w">(DLC)sn 84029039</subfield></datafield><datafield ind1="0" ind2="7" tag="785"><subfield code="t">Dexter dispatch-news</subfield><subfield code="w">(DLC)sn 84029034</subfield></datafield></record>